@Book{Rosen2012,
author = {Rosen, K.H.},
title = {Discrete Mathematics and Its Applications},
publisher = {McGraw-Hill},
year = {2012},
edition = {7th edition}
}

@Book{Lipschutz2013,
author = {Lipschutz, S. and Lipson, M.},
title = {Matemática Discreta},
publisher = {Bookman},
year = {2013},
edition = {3.ª edição}
}

@Book{Gersting2007,
author = {Gersting, J. L.},
title = {Mathematical Structures for Computer Science: A Modern Approach to Discrete Mathematics},
publisher = {W.H. Freeman \& Company},
year = {2007},
edition = {6th edition}
}